@article{tate1967,
  author = {Tate, John T.},
  title = {Fourier Analysis in Number Fields and Hecke's Zeta-Functions},
  journal = {Thesis, Princeton University},
  year = {1967}
}

@article{Weil1964,
  author = {Weil, André},
  title = {Sur certains groupes d'opérateurs unitaires},
  journal = {Acta Mathematica},
  volume = {111},
  year = {1964},
  pages = {143--211}
}
