@book{Tate1967,
  author = {Tate, John},
  title = {Fourier Analysis in Number Fields and Hecke's Zeta-Functions},
  year = {1967}
}

@article{Weil1964,
  author = {Weil, Andr\'e},
  title = {Sur certains groupes d'op\'erateurs unitaires},
  journal = {Acta Mathematica},
  volume = {111},
  pages = {143--211},
  year = {1964}
}

@book{deBranges1986,
  author = {de Branges, Louis},
  title = {Hilbert Spaces of Entire Functions},
  year = {1986}
}

@book{IK2004,
  author = {Iwaniec, Henryk and Kowalski, Emmanuel},
  title = {Analytic Number Theory},
  publisher = {American Mathematical Society},
  year = {2004}
}
