@article{Tate1967,
  author = {Tate, John},
  title = {Fourier analysis in number fields and Hecke's zeta-functions},
  journal = {Algebraic Number Theory},
  year = {1967},
  pages = {305--347}
}

@article{Weil1964,
  author = {Weil, André},
  title = {Sur certains groupes d'opérateurs unitaires},
  journal = {Acta Math.},
  year = {1964},
  volume = {111},
  pages = {143--211}
}

@book{BirmanSolomyak1977,
  author = {Birman, M. Sh. and Solomyak, M. Z.},
  title = {Spectral theory of self-adjoint operators in Hilbert space},
  publisher = {Reidel},
  year = {1977}
}

@book{Simon2005,
  author = {Simon, Barry},
  title = {Trace ideals and their applications},
  series = {Math. Surveys Monogr.},
  volume = {120},
  publisher = {Amer. Math. Soc.},
  year = {2005}
}
