@article{tate1967,
  author = {Tate, John T.},
  title = {Fourier Analysis in Number Fields and Hecke's Zeta-Functions},
  booktitle = {Algebraic Number Theory},
  editor = {Cassels, J. W. S. and Fr\"ohlich, A.},
  publisher = {Academic Press},
  year = {1967},
  pages = {305--347}
}

@article{Weil1964,
  author = {Weil, Andr\'e},
  title = {Sur certains groupes d'op\'erateurs unitaires},
  journal = {Acta Mathematica},
  volume = {111},
  year = {1964},
  pages = {143--211},
  doi = {10.1007/BF02391012}
}

@article{birman2003,
  author = {Birman, M. Sh. and Solomyak, M. Z.},
  title = {Double Operator Integrals in a Hilbert Space},
  journal = {Integral Equations and Operator Theory},
  volume = {47},
  year = {2003},
  pages = {131--168},
  doi = {10.1007/s00020-003-1137-8}
}

@book{simon2005,
  author = {Simon, Barry},
  title = {Trace Ideals and Their Applications},
  edition = {2nd},
  publisher = {American Mathematical Society},
  series = {Mathematical Surveys and Monographs},
  volume = {120},
  year = {2005},
  doi = {10.1090/surv/120}
}

@book{debranges1968,
  author = {de Branges, Louis},
  title = {Hilbert Spaces of Entire Functions},
  publisher = {Prentice-Hall},
  year = {1968}
}

@book{levin1996,
  author = {Levin, B. Ya.},
  title = {Distribution of Zeros of Entire Functions},
  edition = {revised},
  publisher = {American Mathematical Society},
  series = {Translations of Mathematical Monographs},
  volume = {5},
  year = {1996}
}

@book{IK2004,
  author = {Iwaniec, Henryk and Kowalski, Emmanuel},
  title = {Analytic Number Theory},
  publisher = {American Mathematical Society},
  series = {Colloquium Publications},
  volume = {53},
  year = {2004}
}

@article{Guinand1955,
  author = {Guinand, A. P.},
  title = {A summation formula in the theory of prime numbers},
  journal = {Proceedings of the London Mathematical Society},
  series = {2},
  volume = {50},
  year = {1955},
  pages = {107--119}
}

@book{boas1954,
  author = {Boas, Ralph P.},
  title = {Entire Functions},
  publisher = {Academic Press},
  year = {1954}
}

@book{hormander1990,
  author = {H\"ormander, Lars},
  title = {An Introduction to Complex Analysis in Several Variables},
  publisher = {North-Holland},
  edition = {3rd},
  year = {1990},
  doi = {10.1016/C2009-0-23715-4}
}

@book{koosis1988,
  author = {Koosis, Paul},
  title = {The Logarithmic Integral I},
  publisher = {Cambridge University Press},
  series = {Cambridge Studies in Advanced Mathematics},
  volume = {12},
  year = {1988}
}

@book{peller2003,
  author = {Peller, Vladimir V.},
  title = {Hankel Operators and Their Applications},
  publisher = {Springer},
  series = {Springer Monographs in Mathematics},
  year = {2003},
  doi = {10.1007/978-0-387-21681-2}
}

@book{young1980,
  author = {Young, Robert M.},
  title = {An Introduction to Nonharmonic Fourier Series},
  publisher = {Academic Press},
  year = {1980}
}

@article{fesenko2021,
  author = {Fesenko, Ivan},
  title = {Adelic Analysis and Zeta Functions},
  journal = {European Journal of Mathematics},
  volume = {7},
  number = {3},
  year = {2021},
  pages = {793--833},
  doi = {10.1007/s40879-020-00432-9}
}

@book{heathbrown1986,
  author = {Heath-Brown, D. R.},
  title = {The Theory of the Riemann Zeta-Function},
  publisher = {Oxford University Press},
  year = {1986}
}
